<record><leader>00000cas a2200000 a 4500</leader><controlfield tag="001">8338895</controlfield><controlfield tag="008">820415d19591990iluwr ne      0   a0eng c</controlfield><datafield ind1=" " ind2=" " tag="010"><subfield code="a">sn 82002437 </subfield></datafield><datafield ind1=" " ind2=" " tag="040"><subfield code="a">NSD</subfield><subfield code="b">eng</subfield><subfield code="c">NSD</subfield><subfield code="d">CVF</subfield><subfield code="d">OCLCQ</subfield><subfield code="d">OCLCF</subfield><subfield code="d">OCLCO</subfield><subfield code="d">NVF</subfield></datafield><datafield ind1=" " ind2=" " tag="012"><subfield code="j">0</subfield><subfield code="k">1</subfield><subfield code="m">d</subfield></datafield><datafield ind1="1" ind2=" " tag="022"><subfield code="a">0744-5377</subfield><subfield code="l">0744-5377</subfield><subfield code="2">1</subfield></datafield><datafield ind1=" " ind2=" " tag="037"><subfield code="b">Pioneer Press, 1232 Central Ave., Wilmette, IL 60091</subfield></datafield><datafield ind1=" " ind2=" " tag="042"><subfield code="a">nsdp</subfield><subfield code="a">pcc</subfield></datafield><datafield ind1=" " ind2=" " tag="043"><subfield code="a">n-us-il</subfield></datafield><datafield ind1=" " ind2="0" tag="222"><subfield code="a">Schiller Park independent</subfield></datafield><datafield ind1="0" ind2="0" tag="245"><subfield code="a">Schiller Park independent.</subfield></datafield><datafield ind1=" " ind2=" " tag="260"><subfield code="a">Schiller Park, Ill. ;</subfield><subfield code="a">Wilmette, Ill. :</subfield><subfield code="b">[publisher not identified],</subfield><subfield code="c">1959-1990.</subfield></datafield><datafield ind1=" " ind2=" " tag="310"><subfield code="a">Weekly (semiweekly 3rd week in Mar., June, and Sept.),</subfield><subfield code="b">&lt;June 14, 1989&gt;-Dec. 5, 1990</subfield></datafield><datafield ind1=" " ind2=" " tag="321"><subfield code="a">Weekly,</subfield><subfield code="b">Oct. 22, 1959-&lt; &gt;</subfield></datafield><datafield ind1="0" ind2=" " tag="362"><subfield code="a">Vol. 1, no. 1 (Oct. 22, 1959)-v. 35, no. 14 (Dec. 5, 1990).</subfield></datafield><datafield ind1=" " ind2="0" tag="651"><subfield code="a">Schiller Park (Ill.)</subfield><subfield code="v">Newspapers.</subfield></datafield><datafield ind1=" " ind2="7" tag="651"><subfield code="a">Illinois</subfield><subfield code="z">Schiller Park.</subfield><subfield code="2">fast</subfield><subfield code="0">(OCoLC)fst01232801</subfield></datafield><datafield ind1=" " ind2="7" tag="655"><subfield code="a">Newspapers.</subfield><subfield code="2">fast</subfield><subfield code="0">(OCoLC)fst01423814</subfield></datafield><datafield ind1=" " ind2=" " tag="752"><subfield code="a">United States</subfield><subfield code="b">Illinois</subfield><subfield code="c">Cook County</subfield><subfield code="d">Schiller Park.</subfield></datafield><datafield ind1=" " ind2=" " tag="752"><subfield code="a">United States</subfield><subfield code="b">Illinois</subfield><subfield code="c">Cook County</subfield><subfield code="d">Wilmette.</subfield></datafield><datafield ind1="0" ind2="0" tag="785"><subfield code="t">Elk Grove times</subfield><subfield code="x">1087-6588</subfield><subfield code="w">(DLC)sn 96000105</subfield><subfield code="w">(OCoLC)30464354</subfield></datafield><datafield ind1="1" ind2=" " tag="029"><subfield code="a">AU@</subfield><subfield code="b">000020569171</subfield></datafield></record>